@incollection{deb2014multi,
	title={Multi-objective optimization},
	author={Deb, Kalyanmoy},
	booktitle={Search methodologies},
	pages={403--449},
	year={2014},
	publisher={Springer}
}
@article{fasolo2007network,
	title={In-network aggregation techniques for wireless sensor networks: a survey},
	author={Fasolo, Elena and Rossi, Michele and Widmer, Jorg and Zorzi, Michele},
	journal={IEEE Wireless Communications},
	volume={14},
	number={2},
	pages={70--87},
	year={2007},
	publisher={IEEE}
}
@incollection{karp1972reducibility,
	title={Reducibility among combinatorial problems},
	author={Karp, Richard M},
	booktitle={Complexity of computer computations},
	pages={85--103},
	year={1972},
	publisher={Springer}
}
@article{lu2014construction,
	title={Construction of data aggregation tree for multi-objectives in wireless sensor networks through jump particle swarm optimization},
	author={Lu, Yao and Chen, Jianping and Comsa, Ioan and Kuonen, Pierre and Hirsbrunner, Beat},
	journal={Procedia Computer Science},
	volume={35},
	pages={73--82},
	year={2014},
	publisher={Elsevier}
}
@article{heinzelman2002application,
	title={An application-specific protocol architecture for wireless microsensor networks},
	author={Heinzelman, Wendi B and Chandrakasan, Anantha P and Balakrishnan, Hari},
	journal={IEEE Transactions on wireless communications},
	volume={1},
	number={4},
	pages={660--670},
	year={2002},
	publisher={IEEE}
}
@inproceedings{eskandari2008energy,
	title={Energy efficient spanning tree for data aggregation in wireless sensor networks},
	author={Eskandari, Zahra and Yaghmaee, Mohammad Hossein and Mohajerzadeh, AmirHossien},
	booktitle={2008 Proceedings of 17th International Conference on Computer Communications and Networks},
	pages={1--5},
	year={2008},
	organization={IEEE}
}
@inproceedings{lee2005energy,
	title={An energy-aware spanning tree algorithm for data aggregation in wireless sensor networks},
	author={Lee, Marc and Wong, Vincent WS},
	booktitle={PACRIM. 2005 IEEE Pacific Rim Conference on Communications, Computers and signal Processing, 2005.},
	pages={300--303},
	year={2005},
	organization={IEEE}
}
@inproceedings{lee2005lpt,
	title={LPT for data aggregation in wireless sensor networks},
	author={Lee, Marc and Wong, Vincent WS},
	booktitle={GLOBECOM'05. IEEE Global Telecommunications Conference, 2005.},
	volume={5},
	pages={6--pp},
	year={2005},
	organization={IEEE}
}